@article{fisher1936use,
  title={Un article important},
  author={Flen, Ben Foulen},
  journal={Un journal},
  volume={7},
  number={2},
  pages={253--257},
  year={2021},
  publisher={Un grand \'editeur}
}

@misc{insat,
title = {Site Web de l'INSAT},
howpublished = {\url{http://www.insat.rnu.tn}},
note = {Consult\'e le 24/03/2021}
}